@Inbook{Wille1982,
author="Wille, Rudolf",
editor="Rival, Ivan",
title="Restructuring Lattice Theory: An Approach Based on Hierarchies of Concepts",
bookTitle="Ordered Sets: Proceedings of the NATO Advanced Study Institute held at Banff, Canada, August 28 to September 12, 1981",
year="1982",
publisher="Springer Netherlands",
address="Dordrecht",
pages="445--470",
isbn="978-94-009-7798-3",
doi="10.1007/978-94-009-7798-3_15",
url="http://dx.doi.org/10.1007/978-94-009-7798-3_15"
}

@article{DBLP:journals/corr/HeZRS15,
  author    = {Kaiming He and
               Xiangyu Zhang and
               Shaoqing Ren and
               Jian Sun},
  title     = {Deep Residual Learning for Image Recognition},
  journal   = {CoRR},
  volume    = {abs/1512.03385},
  year      = {2015},
  url       = {http://arxiv.org/abs/1512.03385},
  eprinttype = {arXiv},
  eprint    = {1512.03385},
  timestamp = {Wed, 17 Apr 2019 17:23:45 +0200},
  biburl    = {https://dblp.org/rec/journals/corr/HeZRS15.bib},
  bibsource = {dblp computer science bibliography, https://dblp.org}
}