@ARTICLE{12345,  author={McDonald, J.},  journal={IEEE Journal on Selected Areas in Communications},   title={A Proactive ISDN Implementation Strategy},   year={1986},  volume={4},  number={8},  pages={1218-1221},  doi={10.1109/JSAC.1986.1146461}}
