@INPROCEEDINGS{CZQ-cite1,  
author={Ozcan, Muhammet Oguz and Odaci, Fatih and Ari, Ismail},  
booktitle={2019 IEEE International Conference on Edge Computing (EDGE)},   
title={Remote Debugging for Containerized Applications in Edge Computing Environments},   
year={2019},  volume={},  number={},  pages={30-32},  doi={10.1109/EDGE.2019.00021}}

@INPROCEEDINGS{CZQ-cite2,  author={Ngoko, Yanik and CÃ©rin, Christophe},  booktitle={2017 IEEE International Conference on Edge Computing (EDGE)},   title={An Edge Computing Platform for the Detection of Acoustic Events},   year={2017},  volume={},  number={},  pages={240-243},  doi={10.1109/IEEE.EDGE.2017.44}}